
@TechReport{CharonUserManual,
  author=      {Lawrence C Musson AND Gary L Hennigan AND Xujiao Gao AND Andy Huang AND Mihai Negoita},
  title=       {Charon User Manual},
  institution=  {Sandia National Laboratories},
  year=         {2019},
  type=         {Technical report},
  number=       {SAND19-xxx},
  address=	{Albuquerque, New Mexico 87185},
}



@TechReport{XyceClusterModel,
  author=      {Lawrence C Musson},
  title=       {Modeling of Cluster Defects in Xyce: Theory and User Guide},
  institution=  {Sandia National Laboratories},
  year=         {2015},
  type=         {Technical report},
  number=       {SAND15-9110},
  address=	{Albuquerque, New Mexico 87185},
}


@TechReport{xyceUserManual,
  author= {Keiter, Eric R AND Mei, Ting AND Russo, Thomas V AND Rankin, Eric Lamont AND Schiek, Richard Louis AND Santarelli, Keith R AND Thornquist, Heidi K AND Fixel, Deborah A AND Coffey, Todd S AND Pawlowski, Roger P},
  title=  {Xyce Parallel Electronic Simulator : users' guide, version 4.1},
  year=   {2009},
  number= {SAND2008-6461},
  address=	{Albuquerque, New Mexico 87185},
}

@Article{shepardInterpolationPaper,
  author= {Donald Shepard},
  title=  {A Two-Dimensional Interpolation Function for Irregularly Spaced Data},
  journal={Proceedings 1968 ACM National Conference},
  year={1968},
  pages={517-524}
}

@TechReport{Sand2007-7157,
  author=       {Hennigan, Gary L. AND Hoekstra, Robert J. AND Castro, Joseph P. AND Fixel, Deborah A. AND Shadid, John N.},
  title=        {Simulation of Neutron Radiation Damage in Silicon Semiconductor Devices},
  institution=  {Sandia National Laboratories},
  year=         {2007},
  month=	may,
  type=         {Technical report},
  number=       {SAND2007-7157},
  address=	{Albuquerque, New Mexico 87185 and Livermore, California 94550},
}



@Article{GaAsWamplerMyers,
    author=	{Wampler, William R. AND Myers, Samuel M.},
    title=	{Model for transport and reaction of defects and carriers within displacement cascades in gallium arsenide},
    journal=	{Journal of Applied Physics},
    year=	{2015},
    volume=	{117},
    number=	{},
    pages=	{},
}



@Article{SiWamplerMyers,
    author=	{Myers, Samuel M. AND Cooper, P. J. AND Wampler, William R.},
    title=	{Model of defect reactions and the influence of clustering in pulse-neutron-irradiated Si},
    journal=	{Journal of Applied Physics},
    year=	{2008},
    volume=	{104},
    number=	{},
    pages=	{},
}


@TechReport{Sand15-3377,
  author=       {Eric R Keiter AND Ting Mei AND Thomas V Russo AND Richard L Schiek AND Peter E Sholander AND Heidi K Thornquist AND Jason C Verley AND David G Baur},
  title=        {Xyce Paraellel Electronic Simulator Users' Guide, Version 6.3},
  institution=  {Sandia National Laboratories},
  year=         {2015},
  month=	{April},
  type=         {Technical report},
  number=       {SAND2015-3377},
  address=	{Albuquerque, New Mexico 87185},
}


@book{KramerHitchon1997,
title = {Semiconductor Devices: A Simulation Approach},
author = {Kevin M Kramer AND W Nicholas G Hitchon},
publisher= {Prentice Hall PTR},
year = {1997},
}

@book{MyersPersonal,
title = {Sam Myers Personal Communications},
}


@Article{Potter,
    author=	{John E. Smith},
    title=	{On the Use of Dry Erase Markers in Science},
    journal=	{Journal of Pen and Pencil},
    year=	{2002},
    volume=	{784},
    number=	{3},
    pages=	{121--130},
}

@Article{Rolf,
    author=	{Rolf Riesen},
    title=	{How to be Conformant},
    journal=	{Psychology Today and Tomorrow},
    year=	{2002},
    volume=	{784},
    number=	{3},
    pages=	{121--130},
}

@Article{wamplerSiCluster,
    author= {S.M. Myers AND P.J. Cooper AND W.R. Wampler}, 
    title= {Model of defect reactions and the influence of clustering in pulse-neutron-irradiated Si},
    journal= { J. Appl. Phys.},
    year= {2008},
    volume ={104}, 
}

@Article{RobinsonDisplacementCascades,
    author= {M.T. Robinson AND I.M. Torrens}, 
    title= {Computer simulation of atomic-displacement cascades in solids in the binary-collision approximation}, 
    journal= {Phys. Rev. B}, 
    year= {1974},
    volume= {9}
}
