@Book{Kramer97,
  author = 	 {Kevin M. Kramer and W. Nicholas G. Hitchon},
  title = 	 {Semiconductor Devices A Simulation Approach},
  publisher = 	 {Prentice Hall PTR},
  year = 	 {1997},
  address = 	 {Upper Saddle River, NJ},
}

@Book{Sze07,
   author = {S.M. Sze and Kwok K. Ng},
   title = {Physics of Semiconductor Devices},
   publisher = {John Wiley and Sons, Inc.},
   year = {2007},
   address = {Hoboken, New Jersey},
}

@Misc{cubit-url,
  url = {http://cubit.sandia.gov},
  title = 	 {The {C}ubit Tool Suite},
  howpublished = {Internet URL \url{http://cubit.sandia.gov}},
}

@Misc{exodus-url,
  url = {http://analyst.ran.sandia.gov/index.php?option=com_content&task=view&id=122&Itemid=72},
  title = 	 {The {E}xodus~{II} file format},
  howpublished = {Internet URL \url{http://analyst.ran.sandia.gov/index.php?option=com_content&task=view&id=122&Itemid=72}},
}

@Misc{paraview-url,
  url = {http://www.ran.sandia.gov/paraview},
  title = {{SNL} ParaView Website},
  howpublished = {Internet URL \url{http://www.ran.sandia.gov/paraview}},
}

@Misc{ensight-url,
  url = {http://nestor.ran.sandia.gov/ensight},
  title = {{SNL} Ensight Website},
  howpublished = {Internet URL \url{http://nestor.ran.sandia.gov/ensight}},
}

@Misc{chemkin-url1,
  title = 	 {{SNL} Chemkin Website},
  howpublished = {Internet {URL} \url{http://www.ca.sandia.gov/chemkin}},
  url = 	 {http://www.ca.sandia.gov/chemkin}
}

@Misc{chemkin-url2,
  title = 	 {\emph{Reaction Design} Chemkin Website},
  howpublished = {Internet {URL} \url{http://www.reactiondesign.com/products/open/chemkin.html}},
  url = 	 {http://www.reactiondesign.com/products/open/chemkin.html}
}

@Article{sse-97-slotboom,
  author = 	 {J. W. Slotboom},
  title = 	 {The \emph{pn}-Product in Silicon},
  journal = 	 {Solid-State Electronics},
  year = 	 {1977},
  volume = 	 {20},
  pages = 	 {279--283},
}

@Manual{um:medici,
  title = 	 {Medici Two-Dimensional Device Simulation Program User Manual},
  organization = {Synopsys},
  month={February},
  year = 	 {2003},
  edition = 	 {Version 2002.4},
  copyright={Synopsys Inc.}
}

@Misc{trilinos-url,
  title = 	 {The {T}rilinos {P}roject website},
  howpublished = {Internet {URL} \url{http://www.trilinos.org/}},
  url = 	 {http://www.trilinos.org/}
}

@techreport{trilinos-overview,
     title = "{An Overview of Trilinos}",
     author = "M. Heroux and R. Bartlett and V. Howle and
               R. Hoekstra and J. Hu and T. Kolda and 
               R. Lehoucq and K. Long and R. Pawlowski and 
               E. Phipps and A. Salinger and H. Thornquist and 
               R. Tuminaro and J. Willenbring and A. Williams ",
     institution = "Sandia National Laboratories",
     number = "SAND2003-2927",
     year = 2003
}

@techreport{ref:empirical-desc,
  title = {Dual-track physics modeling of {III}-{V} {HBT}s under transient neutron irradiation},
  institution = {Sandia National Laboratories},
  author = {Sam M. Myers and William R. Wampler},
  year={2010},
  number={SAND2010-6026P}
}

@Article{ref:cluster-jap-2015,
  title={Model for transport and reaction of defects and carriers within displacement cascades in gallium arsenide},
  author={William R. Wampler and Samual M. Myers},
  journal={Journal of Applied Physics},
  volume={117},
  year={2015},
  howpublished={online},
  number={045707}
}

@Misc{lundstrom,
   author={Mark Lundstrom},
   title={Notes on Heterostructure Fundamentals},
   howpublished={EE-650Y},
   year={1995},
   note={Course notes}
}

@Article{ref:arora,
   title={Electron and hole mobilities in silicon as a function of concentration and temperature},
   author={N.D. Arora and J.R. Hauser and D.J. Roulston},
   journal={IEEE Trans. Electron Devices},
   year={1982},
   volume={29},
   issue={2},
   pages={292-295},
}

@Article{ref:harmon,
    author={E.S. Harmon and M.R. Melloch and M.S. Lundstrom},
    title={Effective bandgap shrinkage in GaAs},
    journal={Applied Physics Letters},
    month={January},
    year={1994},
    volume={64},
    number={4},
    pages={502-504}
}

@Article{ref:caughey67,
    author={D.M. Caughey and R.E. Thomas},
    title={Carrier mobilities in silicon empirically related to doping and field},
    journal={Proceedings of the IEEE},
    month={December},
    year={1967},
    volume={55},
    number={12},
    pages={2192-2193}
}

@Article{ref:barnes76,
    author={J.J. Barnes, R.J. Lomax and G.I. Haddad},
    title={Finite-element simulation of GaAs MESFETs with lateral doping profiles and submicron gates},
    journal={IEEE Transactions on Electron Devices},
    month={September},
    year={1976},
    volume={ED-23},
    number={9},
    pages={1042-1048}
}

@Article{ref:nilsson,
    author={N.G. Nilsson},
    title={An Accurate Approximation of the Generalized Einstein Relation for Degenerate Semiconductors},
    journal={Physica Status Solidi (a)},
    year={1973},
    pages={K75-K78}
}

@Article{ref:lopez,
    author={J.M. Lopez-Gonzalez and L. Prat},
    title={The importance of bandgap narrowing distribution between the conduction and valence bands in abrupt HBTs},
    journal={IEEE Transactions on Electron Devices},
    month={July},
    year={1997},
    volume={44},
    number={7},
    pages={1046-1051}
}

@Article{ref:joyce,
    author={J.B. Joyce and R.W. Dixon},
    title={Analytic Approximations for the Fermi Energy of an Ideal Fermi Gas},
    journal={Applied Physics Letters},
    month={September},
    year={1977},
    volume={31},
    pages={354-356}
}

@Article{ref:bednarczyk,
    author={D. Bednarczyk and J. Bednarczyk},
    title={The Approximation of the Fermi-Dirac Integral F(1/2)(eta)},
    journal={Physics Letters},
    month={January},
    year={1978},
    volume={64A},
    number={4},
    pages={409-410}
}

@Article{ref:albrecht,
  author={Albrecht, J.D. and others},
  title={{Electron  transport characteristics of GaN for high temperature device modeling}},
  journal={Journal of Applied Physics},
  month={May},
  year={1998},
  volume={83},
  number={9},
  pages={4777-4781}
}

@Article{ref:farahmand,
  author={Farahmand, M. and others},
  title={{Monte Carlo Simulation of Electron Transport in the III-Nitride Wurtzite Phase Materials System: Binaries and Ternaries}},
  journal={IEEE Transactions on Electron Devices},
  month={March},
  year={2001},
  volume={48},
  number={3},
  pages={535-542}
}

@Article{ref:wu1979,
  author = {C. M. Wu and E. S. Yang},
  title = {Carrier Transport Across Heterojunction Interfaces},
  journal = {Solid-State Electronics},
  year = {1979},
  volume = {22},
  pages = {241-248}
}

@Article{ref:horio1990,
  author = {K. Horio and H. Yanai},
  title = {Numerical Modeling of Heterojunctions Including the Thermionic Emission Mechanism at the Heterojunction Interface},
  journal = {IEEE Transactions on Electron Devices},
  year = {1990},
  volume = {37},
  number= {4},
  pages = {1093-1098}
}

@Article{ref:yang1993,
  author = {K. Yang and J. R. East and G. I. Haddad},
  title = {Numerical Modeling of Abrupt Heterojunctions Using a Thermionic-Field Emission Boundary Condition},
  journal = {Solid-State Electronics},
  year = {1993},
  volume = {36},
  number= {3},
  pages = {321-330}
}

@Article{ref:brooks1982,
  author = {A. N. Brooks and T. J.R. Hughes},
  title = {Streamline UpWind Petrov-Galerkin Formulations for Convection Dominated Flows with Particular Emphasis on the Incompressible Navier-Stokes Equations},
  journal = {Computer Methods in Applied Mechanics and Engineering},
  year = {1982},
  volume = {32},
  number = {13},
  pages = {199-259}
}

@Article{ref:bochev2013,
  author = {P. Bochev and K. Peterson and X. Gao},
  title = {A New Control Volume Finite Element Method for the Stable and Accurate Solution of the Drift-Diffusion Equations on General Unstructured Grids},
  journal = {Computer Methods in Applied Mechanics and Engineering},
  year = {2013},
  volume = {254},
  pages = {126-145}
}

